<record><leader>00000cas a22000007a 4500</leader><controlfield tag="001">16073681</controlfield><controlfield tag="008">870625d19081908aluwr ne      0    0eng d</controlfield><controlfield tag="009">5547</controlfield><datafield ind1=" " ind2=" " tag="010"><subfield code="a">sn 87050213 </subfield></datafield><datafield ind1=" " ind2=" " tag="040"><subfield code="a">CPN</subfield><subfield code="b">eng</subfield><subfield code="c">CPN</subfield><subfield code="d">OCLCQ</subfield></datafield><datafield ind1=" " ind2=" " tag="042"><subfield code="a">msc</subfield></datafield><datafield ind1="0" ind2="4" tag="245"><subfield code="a">The Carbon Hill weekly.</subfield></datafield><datafield ind1=" " ind2=" " tag="260"><subfield code="a">Carbon Hill, Ala. :</subfield><subfield code="b">Weekly Pub. Co.,</subfield><subfield code="c">1908.</subfield></datafield><datafield ind1=" " ind2=" " tag="310"><subfield code="a">Weekly</subfield></datafield><datafield ind1="0" ind2=" " tag="362"><subfield code="a">Vol. 1, no. 1 (Jan. 8, 1908)-v. 1, no. 34 (Aug. 27, 1908).</subfield></datafield><datafield ind1=" " ind2=" " tag="752"><subfield code="a">United States</subfield><subfield code="b">Alabama</subfield><subfield code="c">Walker</subfield><subfield code="d">Carbon Hill.</subfield></datafield><datafield ind1="0" ind2="1" tag="785"><subfield code="t">Carbon Hill star (Carbon Hill, Ala. : 1908)</subfield><subfield code="w">(DLC)sn 87050214</subfield></datafield></record>